
@article{bird09a,
  author =	 {Bird, Christian and Nagappan, Nachiappan and
                  Devanbu, Premkumar and Gall, Harald and Murphy,
                  Brendan},
  title =	 {Does distributed development affect software
                  quality?: an empirical case study of Windows Vista},
  journal =	 {Commun. ACM},
  issue_date =	 {August 2009},
  volume =	 52,
  issue =	 8,
  month =	 {August},
  year =	 2009,
  pages =	 {85--93},
}

@inproceedings{ostrand04,
  author =	 {Ostrand, Thomas J. and Weyuker, Elaine J. and Bell,
                  Robert M.},
  title =	 {Where the bugs are},
  booktitle =	 {ISSTA '04: Proceedings of the 2004 ACM SIGSOFT
                  international symposium on Software testing and
                  analysis},
  year =	 2004,
  pages =	 {86--96},
  publisher =	 {ACM},
  address =	 {New York, NY, USA},
}

@inproceedings{tosun10,
  year =	 2010,
  author =	 "A. Tosun and A. Bener and R. Kale",
  title =	 "{AI}-Based Software Defect Predictors: Applications
                  and Benefits in a Case Study",
  booktitle =	 "Twenty-Second IAAI Conference on Artificial
                  Intelligence"
}

@article{me10a,
  title =	 "Defect Prediction from Static Code Features: Current
                  Results, Limitations, New Approaches",
  author =	 "Tim Menzies and Z. Milton and B. Turhan and B. Cukic
                  and Y. Jiang and A. Bener",
  number =	 4,
  month =	 "December",
  year =	 2010,
  journal =	 "Automated Software Engineering",
  note =	 "Available from
                  \url{http://menzies.us/pdf/10which.pdf}",
  class =	 "hJ"
}